@misc{luo2018convtasnet,
    title={Conv-TasNet: Surpassing Ideal Time-Frequency Magnitude Masking for Speech Separation},
    author={Yi Luo and Nima Mesgarani},
    year={2018},
    eprint={1809.07454},
    archivePrefix={arXiv},
    primaryClass={cs.SD}
}

% MSE, MAE, 
% https://towardsdatascience.com/understanding-the-3-most-common-loss-functions-for-machine-learning-regression-23e0ef3e14d3

% Obrazek FeedForward NN vs Recurrent NN
@article{FFandRecNN,
author = {Pekel, Engin and Kara, Selin},
year = {2017},
month = {03},
pages = {157-179},
title = {A COMPREHENSIVE REVIEW FOR ARTIFICAL NEURAL NETWORK APPLICATION TO PUBLIC TRANSPORTATION},
volume = {35},
journal = {Sigma Journal of Engineering and Natural Sciences}
}

% Obrazek Training vs Test set error
@article{trainingvstesterror,
author = {Chen, Shang and Cheng, Ming-Jen},
year = {2006},
month = {01},
pages = {49-58},
title = {Building an Adaptive Evaluation System: A Design Education Application},
volume = {3},
journal = {Computer-Aided Design \& Applications},
doi = {10.1080/16864360.2006.10738441}
}

%
%


% Xavier algorithm for weight initialisation
% 	http://proceedings.mlr.press/v9/glorot10a.html
% 		http://proceedings.mlr.press/v9/glorot10a/glorot10a.pdf
@InProceedings{pmlr-v9-glorot10a,
  title = 	 {Understanding the difficulty of training deep feedforward neural networks},
  author = 	 {Xavier Glorot and Yoshua Bengio},
  booktitle = 	 {Proceedings of the Thirteenth International Conference on Artificial Intelligence and Statistics},
  pages = 	 {249--256},
  year = 	 {2010},
  editor = 	 {Yee Whye Teh and Mike Titterington},
  volume = 	 {9},
  series = 	 {Proceedings of Machine Learning Research},
  address = 	 {Chia Laguna Resort, Sardinia, Italy},
  month = 	 {13--15 May},
  publisher = 	 {PMLR},
  pdf = 	 {http://proceedings.mlr.press/v9/glorot10a/glorot10a.pdf},
  url = 	 {http://proceedings.mlr.press/v9/glorot10a.html},
  abstract = 	 {Whereas before 2006 it appears that deep multi-layer neural networks were not successfully trained, since then several algorithms have been shown to successfully train them, with experimental results showing the superiority of deeper vs less deep architectures. All these experimental results were obtained with new initialization or training mechanisms. Our objective here is to understand better why standard gradient descent from random initialization is doing so poorly with deep neural networks, to better understand these recent relative successes and help design better algorithms in the future.  We first observe the influence of the non-linear activations functions. We find that the logistic sigmoid activation is unsuited for deep networks with random initialization because of its mean value, which can drive especially the top hidden layer into saturation. Surprisingly, we find that saturated units can move out of saturation by themselves, albeit slowly, and explaining the plateaus sometimes seen when training neural networks. We find that a new non-linearity that saturates less can often be beneficial. Finally, we study how activations and gradients vary across layers and during training, with the idea that training may be more difficult when the singular values of the Jacobian associated with each layer are far from 1.  Based on these considerations, we propose a new initialization scheme that brings substantially faster convergence.}
}


% [1] ze studie
@article{speechseparationoverview,
author = {Wang, DeLiang and Chen, Jitong},
title = {Supervised Speech Separation Based on Deep Learning: An Overview},
year = {2018},
issue_date = {October 2018},
publisher = {IEEE Press},
volume = {26},
number = {10},
issn = {2329-9290},
url = {https://doi.org/10.1109/TASLP.2018.2842159},
doi = {10.1109/TASLP.2018.2842159},
journal = {IEEE/ACM Trans. Audio, Speech and Lang. Proc.},
month = oct,
pages = {1702–1726},
numpages = {25}
}

%Batch normalization citace ze studie [47]
% https://pytorch.org/docs/master/generated/torch.nn.BatchNorm1d.html
%	https://arxiv.org/abs/1502.03167
% 		https://arxiv.org/pdf/1502.03167.pdf
@misc{ioffe2015batch,
    title={Batch Normalization: Accelerating Deep Network Training by Reducing Internal Covariate Shift},
    author={Sergey Ioffe and Christian Szegedy},
    year={2015},
    eprint={1502.03167},
    archivePrefix={arXiv},
    primaryClass={cs.LG}
}

%Layer normalization z pytorch, ale taky pouzita na Batch Norm
% https://pytorch.org/docs/master/generated/torch.nn.LayerNorm.html
% 	https://arxiv.org/abs/1607.06450
@misc{ba2016layer,
    title={Layer Normalization},
    author={Jimmy Lei Ba and Jamie Ryan Kiros and Geoffrey E. Hinton},
    year={2016},
    eprint={1607.06450},
    archivePrefix={arXiv},
    primaryClass={stat.ML}
}

% Eventuelne Web o normalizaci
%	https://mlexplained.com/2018/11/30/an-overview-of-normalization-methods-in-deep-learning/
% ------

%PReLU paper
% https://arxiv.org/abs/1502.01852
@misc{he2015delving,
    title={Delving Deep into Rectifiers: Surpassing Human-Level Performance on ImageNet Classification},
    author={Kaiming He and Xiangyu Zhang and Shaoqing Ren and Jian Sun},
    year={2015},
    eprint={1502.01852},
    archivePrefix={arXiv},
    primaryClass={cs.CV}
}

%Residual connection from TasNet
% https://arxiv.org/abs/1512.03385
@misc{he2015deep,
    title={Deep Residual Learning for Image Recognition},
    author={Kaiming He and Xiangyu Zhang and Shaoqing Ren and Jian Sun},
    year={2015},
    eprint={1512.03385},
    archivePrefix={arXiv},
    primaryClass={cs.CV}
}

%Why Residual Networks Can Become Extremely Deep
% https://arxiv.org/abs/1805.07477
@misc{zaeemzadeh2018normpreservation,
    title={Norm-Preservation: Why Residual Networks Can Become Extremely Deep?},
    author={Alireza Zaeemzadeh and Nazanin Rahnavard and Mubarak Shah},
    year={2018},
    eprint={1805.07477},
    archivePrefix={arXiv},
    primaryClass={cs.CV}
}

%Backpropagation Applied to Handwritten Zip Code Recognition (CNN)
% https://ieeexplore.ieee.org/document/6795724
@ARTICLE{6795724,
  author={Y. {LeCun} and B. {Boser} and J. S. {Denker} and D. {Henderson} and R. E. {Howard} and W. {Hubbard} and L. D. {Jackel}},
  journal={Neural Computation}, 
  title={Backpropagation Applied to Handwritten Zip Code Recognition}, 
  year={1989},
  volume={1},
  number={4},
  pages={541-551},
}

%Learning long-term dependencies with gradient descent is difficult
% https://ieeexplore.ieee.org/document/279181
@ARTICLE{279181,
	author={Y. {Bengio} and P. {Simard} and P. {Frasconi}},  
	journal={IEEE Transactions on Neural Networks},
    title={Learning long-term dependencies with gradient descent is difficult},
    year={1994},
    volume={5},
    number={2},
    pages={157-166},
}


%Ta tlusta knizka z knihovny
    @BOOK{mitdeeplearning,
      author =       "Ian Goodfellow, Yoshua Bengio, Aaron Courville",
      title =        "{\it DEEP LEARNING}",
      publisher =    "MIT Press",
      year =         "2017",
      isbn =         "9780262035613",
    }
    
    @BOOK{mitdeeplearning_small,
      author =       "John D. Kelleher",
      title =        "{\it DEEP LEARNING / John D. Kelleher}",
      publisher =    "MIT Press",
      year =         "2019",
      isbn =         "9780262537551",
    }
	
	@Article{speechseparation,
		author = "Qian, Y., Weng, C., Chang, X. et al.",
		year =   "2019",
		month =  "02",
		pages =  "40–63",
		title =  "Past review, current progress, and challenges ahead on the cocktail party problem",
		journal = "Frontiers Inf Technol Electronic Eng 19",
		url = "https://doi-org.ezproxy.lib.vutbr.cz/10.1631/FITEE.1700814",	
	}
	
	@article{DBLP:journals/corr/abs-1901-09146,
  author    = {Jaeyoung Kim and
               Mostafa El{-}Khamy and
               Jungwon Lee},
  title     = {End-to-End Multi-Task Denoising for joint {SDR} and {PESQ} Optimization},
  journal   = {CoRR},
  volume    = {abs/1901.09146},
  year      = {2019},
  url       = {http://arxiv.org/abs/1901.09146},
  archivePrefix = {arXiv},
  eprint    = {1901.09146},
  timestamp = {Sat, 02 Feb 2019 16:56:00 +0100},
  biburl    = {https://dblp.org/rec/journals/corr/abs-1901-09146.bib},
  bibsource = {dblp computer science bibliography, https://dblp.org}
}


	@article{pesq-itut,
  author    = {Rix, A. W., Beerends, J. G., Hollier, M. P., and Hekstra,A. P.},
  title     = {erceptual evaluation of speech quality (pesq)-anew method for speech quality assessment of telephonenetworks and codecs},
  journal   = {Acoustics, Speech, and SignalProcessing},
  volume    = {2},
  year      = {2001},
  pages =  "40–63",
note="
Rix, A. W., Beerends, J. G., Hollier, M. P., and Hekstra,A. P.  Perceptual evaluation of speech quality (pesq)-anew method for speech quality assessment of telephonenetworks and codecs.  InAcoustics, Speech, and SignalProcessing, 2001. Proceedings.(ICASSP’01). 2001 IEEEInternational Conference on,  volume  2,  pp.  749–752.IEEE, 2001"
}
	
	@misc{ruder2016overview,
    title={An overview of gradient descent optimization algorithms},
    author={Sebastian Ruder},
    year={2016},
    eprint={1609.04747},
    archivePrefix={arXiv},
    primaryClass={cs.LG}
	}
	
	@webpage{web-backpropagation,
      author =       "John McGonagle, George Shaikouski, Christopher Williams, Andrew Hsu, Jimin Khim",
      title =        "Backpropagation, \textit{Brilliant.org}",
      howpublished = "online",
      year =         "2019",
      month =        3,
      url =          "https://brilliant.org/wiki/backpropagation/",
      cited =        "2019-04-10"
    }
	
	
%% TOTO vsechno odsud dolu pryc TODO
	@BOOK{Pravidla,
      author =       "Zdeněk Hlavsa and others",
      title =        "Pravidla českého pravopisu",
      publisher =    "Academia",
      edition =      "2",
      year =         "2009",
      isbn =         "80-200-1327-X",
    }

    @BOOK{Knuth,
      author =       "Donald E. Knuth",
      title =        "The {\TeX}book",
      publisher =    "Addison-Wesley Publishing Company",
      year =         "1996",
      isbn =         "0-201-13447-0",
    }

    @BOOK{Rybicka,
      author =       "Jiří Rybička",
      title =        "\LaTeX~pro začátečníky",
      publisher =    "Konvoj",
      edition =      "3",
      year =         "2003",
      isbn =         "80-7302-049-1",
    }

    @BOOK{Olsak,
      author =       "Petr Olšák",
      title =        "{\TeX}book naruby",
      publisher =    "Konvoj",
      year =         "2001",
      isbn =         "80-7302-0007-6",
    }

    @BOOK{Eikh,
      author =       "Victor Eikhout",
      title =        "{\TeX}by Topics, a {\TeX}nitian's Reference",
      publisher =    "Addison-Wesley UK",
      year =         "2001",
      isbn =         "0-201-56882-9",
    }

    @website{cstugWeb,
      author =       "Petr Sojka and others",
      title =        "Československé sdružení uživatelů {\TeX}u",
      howpublished = "online",
      url =          "http://www.cstug.cz",
      cited =        "2019-10-02"
    }

    @webpage{fitWeb,
      author =       "Zdena Rábová and Petr Hanáček and Petr Peringer and Petr Přikryl and Bohuslav Křena",
      title =        "Užitečné rady pro psaní práce",
      howpublished = "online",
      publisher =    "FIT VUT v~Brně",
      year =         "2008",
      month =        11,
      url =          "https://www.fit.vut.cz/study/theses/theses-advice/",
      cited =        "2019-10-02"
    }

    @webpage{citace,
      author =       "Zdena Rábová and Petr Hanáček and Petr Peringer and Petr Přikryl and Bohuslav Křena",
      title =        "Pravidla pro bibliografické citace",
      howpublished = "online",
      publisher =    "FIT VUT v Brně",
      year =         "2019",
      month =        3,
      url =          "https://www.fit.vut.cz/study/theses/citations/",
      cited =        "2019-10-02"
    }

    @MISC{biblio,
      author =       "Olga Biernátová and Jan Skůpa",
      title =        "Bibliografické odkazy a citace dokumentů",
      howpublished = "online",
      url =          "http://www.citace.com/download/CSN-ISO-690.pdf",
      publisher =    "Citace.com",
      month =        9,
      address =      "Brno",
      year =         "2011",
      cited =        "2019-10-02"
    }

    @webpage{formalniBP,
      author =       "Zdena Rábová and Petr Přikryl and Petr Peringer and Petr Lampa and Bohuslav Křena and jaroslav Dytrych and Petr Veigend",
      title =        "Pokyny k~bakalářským pracím a SZZ",
      howpublished = "online",
      year =         "2019",
      url =          "https://www.fit.vut.cz/study/theses/bachelor-theses/",
      cited =        "2019-10-02"
    }

    @webpage{formalniDP,
      author =       "Zdena Rábová and Petr Přikryl and Petr Peringer and Petr Lampa and Bohuslav Křena and jaroslav Dytrych and Petr Veigend",
      title =        "Pokyny k~diplomovým pracím a SZZ",
      howpublished = "online",
      year =         "2019",
      url =          "https://www.fit.vut.cz/study/theses/master-theses/",
      cited =        "2019-10-02"
    }

    @MISC{smernice,
      key =          "Szz",
      author =       "Petr Štěpánek",
      title =        "Směrnice rektora č. 72/2017 -- Úprava, odevzdávání a zveřejňování závěrečných prací",
      howpublished = "online",
      year =         "2017",
      url =          "https://www.vutbr.cz/uredni-deska/vnitrni-predpisy-a-dokumenty/smernice-c-72-2017-uprava-odevzdavani-a-zverejnovani-zaverecnych-praci-d161410",
      cited =        "2019-10-02"
    }

   @MISC{smerniceFIT,
      author =       "Pavel Zemčík",
      title =        "Směrnice děkana č. 7/2018 -- Úprava, odevzdávání a zveřejňování závěrečných prací na FIT VUT v Brně",
      howpublished = "online",
      year =         "2018",
      url =          "https://www.fit.vut.cz/fit/info/smernice/sm2018-07.pdf",
      cited =        "2019-10-02"
    }

    @website{prirucka,
      key =          "Cerna",
      author =       "Anna Černá and Jan Chromý and Hana Konečná and others",
      title =        "Internetová jazyková příručka -- Ústav pro jazyk český Akademie věd ČR, v. v. i.",
      howpublished = "online",
      publisher =    "Centrum zpracování přirozeného jazyka FI MU",
      year =         "2019",
      url =          "http://prirucka.ujc.cas.cz/",
      cited =        "2019-10-02"
    }

    @website{Herout,
      author =       "Adam Herout",
      title =        {herout.net -- Poznámky učitele, kouče, čtenáře.},
      howpublished = "online",
      year =         "2018",
      url =          "http://www.herout.net/",
      cited =        "2019-10-02"
    }

    @webpage{chyby,
      key =          "Szoke",
      author =       "Igor Szöke",
      title =        "Textová část BP/DP -- Lessons learned",
      howpublished = "online",
      year =         "2012",
      url =          "http://blog.igor.szoke.cz/2012/01/textova-cast-bpdp-lessons-learned-1.html",
      cited =        "2019-10-02"
    }

    @webpage{rady,
      key =          "Szoke",
      author =       "Igor Szöke",
      title =        "Píšete diplomku? 15+1 rad, které vám pomohou.",
      howpublished = "online",
      year =         "2011",
      url =          "http://blog.igor.szoke.cz/2011/12/pisete-diplomku-151-rad-ktere-vam.html",
      cited =        "2019-10-02"
    }

    @webpage{Beran,
      author =       "Vítězslav Beran",
      title =        "Beran-BP DP Projekty",
      howpublished = "online",
      year =         "2017",
      url =          "http://merlin.fit.vutbr.cz/wiki/index.php/Beran-BP_DP_Projekty",
      cited =        "2019-10-02"
    }

    @MISC{BeranPDF,
      author =       "Vítězslav Beran",
      title =        "Jak psát technickou zprávu",
      howpublished = "online",
      year =         "2013",
      url =          "http://www.fit.vutbr.cz/~beranv/podpora/Jak\%20psat\%20technickou\%20zpravu.pdf",
      cited =        "2019-10-00"
    }

    @webpage{Cernocky,
      key =          "Cernocky",
      author =       "Jan Černocký",
      title =        "Černocký BP DP -- obecně",
      howpublished = "online",
      year =         "2016",
      url =          "https://merlin.fit.vutbr.cz/wiki/index.php/Cernocky_BP_DP-obecne",
      publisher = "Wiki FIT VUT v Brně",
      cited =        "2019-10-02"
    }

    @webpage{CernockyEnglish,
      key =          "Cernocky",
      author =       "Jan Černocký",
      title =        "English SOS",
      howpublished = "online",
      year =         "2016",
      url =          "https://merlin.fit.vutbr.cz/wiki/index.php/English_SOS",
      cited =        "2019-10-02"
    }

    @MISC{Zemcik,
      author =       "Pavel Zemčík",
      title =        "Všeobecné pokyny pro studenty a vůbec",
      howpublished = "online",
      year =         "2012",
      url =          "http://www.fit.vutbr.cz/~zemcik/Pokyny.pdf",
      cited =        "2019-10-02"
    }

    @BOOK{Lebrun2011,
      author =       "Jean-Luc Lebrun",
      title =        "Scientific Writing 2.0: a reader and writer's guide",
      publisher =    "World Scientific Publishing",
      year =         "2011",
      edition =      "1",
      isbn =         "9814350605",
      owner =        "herout",
      timestamp =    "2015.01.20"
    }

    @MASTERSTHESIS{Pysny,
      author = {Radek Py{\v{s}}n{\'{y}}},
      type = {Bakal{\'{a}}{\v{r}}sk{\'{a}} pr{\'{a}}ce},
      title = {BiBTeX styl pro {\v{C}}SN ISO 690 a {\v{C}}SN ISO	690-2},
      school = {Vysok{\'{e}} u{\v{c}}en{\'{i}} technick{\'{e}} v Brn{\v{e}}, Fakulta informa{\v{c}}n{\'{i}}ch technologi{\'{i}}},
      year = {2009},
      location = {Brno, CZ},
      language = {czech},
      url = {https://www.fit.vut.cz/study/thesis/7848/}
    }
